@unpublished{
    CryptoTradingBot,
    author="Haehnchen",
    title="Cryptocurrency trading bot in javascript",
    year="2022",
    URL="https://github.com/Haehnchen/crypto-trading-bot"
}

@unpublished{
    FreqTrade,
    author="FreqTrade",
    title="Free, open source crypto trading bot",
    year="2022",
    URL="https://github.com/freqtrade/freqtrade"
}

@unpublished{
    HftBattle,
    author="HFTbattle",
    title="HFT strategy",
    year="2022",
    URL="https://docs.hftbattle.com/ru/strategy/advanced.html"
}

@unpublished{
    DydxDocs,
    author="DydxProtocol",
    title="Dydx documentation",
    year="2022",
    URL="https://docs.dydx.exchange/#general"
}

@unpublished{
    BinanceDocs,
    author="Binance",
    title="Binance documentation",
    year="2022",
    URL="https://binance-docs.github.io/apidocs/spot/en/#change-log"
}

@unpublished{
    CatboostDocs,
    author="Catboost",
    title="Catboost documentation",
    year="2022",
    URL="https://catboost.ai/en/docs/"
}

@unpublished{
    Pytest,
    author="PytestDev",
    title="Pytest",
    year="2022",
    URL="https://github.com/pytest-dev/pytest"
}

@unpublished{
    Black,
    author="PFS",
    title="Black",
    year="2022",
    URL="https://github.com/psf/black"
}

@unpublished{
    Pylint,
    author="PyCQA",
    title="Pylint",
    year="2022",
    URL="https://github.com/PyCQA/pylint"
}

@unpublished{
    GitHubActions,
    author="GitHub",
    title="GitHub Actions",
    year="2022",
    URL="https://docs.github.com/en/actions"
}

@unpublished{
    Brownie,
    author="ETHBrownie",
    title="Brownie",
    year="2022",
    URL="https://github.com/eth-brownie/brownie"
}

@unpublished{
    Solidity,
    author="Solidity",
    title="Solidity",
    year="2022",
    URL="https://docs.soliditylang.org/en/v0.8.12/"
}
